
@book{Bidgoli:HTM,
	author = "Hossein Bidgoli",
	title = "The Handbook of Technology Management: Core Concepts, Financial Tools and Techniques, Operations and Innovation Management (Volume 1)",
	publisher = "Wiley",
	year = 2010
}

@inproceedings{Majid:Evolution,
	author = "Majid Razman and Majid Ahmad",
	title = "Evolution of data mining: An overview",
	booktitle = "2014 Conference on IT in Business, Industry and Government (CSIBIG)",
	month = mar,
	year = "2014",
	address = "Indore, India",
}

@misc{CraigSTD,
	author = "Craig Stedman",
	title = "DEFINITION - datamining",
	howpublished = "\url{https://www.techtarget.com/searchbusinessanalytics/definition/data-mining#:~:text=Data%20mining%20is%20the%20process,make%20more%2Dinformed%20business%20decisions.}",
}
@misc{EmmaCroc,
	author = "Emma Crockett",
	title = "What Is Data Mining? Types and Examples",
	howpublished = "\url{https://www.datamation.com/big-data/what-is-data-mining/}",
}
@misc{Iberdola,
	author = "The Iberdola group",
	title = "Data mining: definition, examples and applications",
	howpublished = "\url{https://www.iberdrola.com/innovation/data-mining-definition-examples-and-applications#:~:text=Supermarkets%2C%20for%20example%2C%20use%20joint,sales%20at%20the%20checkout%20queue.}",
}
@misc{AlexandraTwin,
	author = "Alexandra Twin",
	title = "What Is Data Mining? How It Works, Benefits, Techniques, and Examples",
	howpublished = "\url{https://www.investopedia.com/terms/d/datamining.asp}",
}
@misc{IBM,
	author = "The IBM group",
	title = "What is data mining?",
	howpublished = "\url{https://www.ibm.com/topics/data-mining}",
}
@misc{LunaCamp,
	author = "Luna Campos",
	title = "A Complete Guide to Data Mining and How to Use It",
	howpublished = "\url{https://blog.hubspot.com/website/data-mining}",
}

@misc{FDA,
	author = "FDA",
	title = "Data Mining at FDA -- White Paper",
	howpublished = "\url{https://www.fda.gov/science-research/data-mining/data-mining-fda-white-paper#safetyreport}",
}

@misc{IET,
	author = "Indeed Editorial Team",
	title = "15 Popular Data Mining Applications: A Complete Guide",
	howpublished = "\url{https://in.indeed.com/career-advice/career-development/data-mining-applications?__cf_chl_tk=qk6BROg45SwwuL3fH1xctOATD.GNdnkygoV3keitzKc-1702549811-0-gaNycGzNDns}",
}

@misc{ML,
	author = "MonkeyLearn",
	title = "10 Best Data Mining Tools in 2022",
	howpublished = "\url{https://monkeylearn.com/blog/data-mining-tools/}",
}

@misc{Rutgers,
	author = "Rutgers Bootcamps",
	title = "What Is Data Mining? A Beginnerâ€™s Guide (2022)",
	howpublished = "\url{https://bootcamp.rutgers.edu/blog/what-is-data-mining/#:~:text=History%20of%20Data%20Mining,-Did%20you%20know&text=Through%20the%20Turing%20Universal%20Machine,what%20data%20mining%20is%20today.}",
}